{
  "leader": "02546cam a22003851i 4500",
  "fields": [
    {
      "001": "ocm03527618\\"
    },
    {
      "003": "OCoLC"
    },
    {
      "005": "20220708111645.0"
    },
    {
      "008": "780103s1936\\\\\\\\nyu\\\\\\\\\\\\\\\\\\\\\\000\\0\\eng\\\\"
    },
    {
      "010": {
        "ind1": "\\",
        "ind2": "\\",
        "subfields": [
          {
            "a": "   36014158 "
          }
        ]
      }
    },
    {
      "040": {
        "ind1": "\\",
        "ind2": "\\",
        "subfields": [
          {
            "a": "DLC"
          },
          {
            "b": "eng"
          },
          {
            "c": "NIE"
          },
          {
            "d": "DLC"
          },
          {
            "d": "BUF"
          },
          {
            "d": "OCLCQ"
          },
          {
            "d": "OCLCG"
          },
          {
            "d": "UKMGB"
          },
          {
            "d": "OCLCF"
          },
          {
            "d": "OCLCQ"
          },
          {
            "d": "OCLCO"
          },
          {
            "d": "SHH"
          },
          {
            "d": "NLC"
          },
          {
            "d": "OCLCQ"
          },
          {
            "d": "GILDS"
          },
          {
            "d": "XFF"
          },
          {
            "d": "CSA"
          },
          {
            "d": "VMW"
          },
          {
            "d": "NZAUC"
          },
          {
            "d": "LWA"
          },
          {
            "d": "GZM"
          },
          {
            "d": "SEO"
          },
          {
            "d": "MNB"
          },
          {
            "d": "IOG"
          },
          {
            "d": "MNI"
          },
          {
            "d": "OKX"
          },
          {
            "d": "TKN"
          },
          {
            "d": "CSO"
          },
          {
            "d": "KFH"
          },
          {
            "d": "FQG"
          },
          {
            "d": "PAU"
          },
          {
            "d": "NAM"
          },
          {
            "d": "SNN"
          },
          {
            "d": "NJR"
          },
          {
            "d": "INT"
          },
          {
            "d": "KOTUI"
          },
          {
            "d": "WYU"
          },
          {
            "d": "DCHUA"
          },
          {
            "d": "GDC"
          },
          {
            "d": "LGG"
          },
          {
            "d": "W2U"
          },
          {
            "d": "DKC"
          },
          {
            "d": "CSE"
          },
          {
            "d": "FDU"
          },
          {
            "d": "MMC"
          },
          {
            "d": "YUS"
          },
          {
            "d": "TJC"
          },
          {
            "d": "NJT"
          },
          {
            "d": "UMK"
          },
          {
            "d": "NNM"
          },
          {
            "d": "AKH"
          },
          {
            "d": "MUS"
          },
          {
            "d": "VLW"
          },
          {
            "d": "JHE"
          },
          {
            "d": "CKM"
          },
          {
            "d": "EGA"
          },
          {
            "d": "OCLCQ"
          },
          {
            "d": "OCLCO"
          }
        ]
      }
    },
    {
      "016": {
        "ind1": "7",
        "ind2": "\\",
        "subfields": [
          {
            "a": "001952698"
          },
          {
            "2": "Uk"
          }
        ]
      }
    },
    {
      "016": {
        "ind1": "\\",
        "ind2": "\\",
        "subfields": [
          {
            "a": "(AMICUS)000008076379"
          }
        ]
      }
    },
    {
      "019": {
        "ind1": "\\",
        "ind2": "\\",
        "subfields": [
          {
            "a": "1476088"
          },
          {
            "a": "966704798"
          },
          {
            "a": "1166631646"
          },
          {
            "a": "1221699427"
          }
        ]
      }
    },
    {
      "035": {
        "ind1": "\\",
        "ind2": "\\",
        "subfields": [
          {
            "a": "(OCoLC)3527618"
          },
          {
            "z": "(OCoLC)1476088"
          },
          {
            "z": "(OCoLC)966704798"
          },
          {
            "z": "(OCoLC)1166631646"
          },
          {
            "z": "(OCoLC)1221699427"
          }
        ]
      }
    },
    {
      "050": {
        "ind1": "0",
        "ind2": "0",
        "subfields": [
          {
            "a": "LA7"
          },
          {
            "b": ".K4 1936"
          }
        ]
      }
    },
    {
      "082": {
        "ind1": "0",
        "ind2": "4",
        "subfields": [
          {
            "a": "370.4"
          },
          {
            "b": "KEP"
          }
        ]
      }
    },
    {
      "100": {
        "ind1": "1",
        "ind2": "\\",
        "subfields": [
          {
            "a": "Keppel, Frederick P."
          },
          {
            "q": "(Frederick Paul),"
          },
          {
            "d": "1875-1943."
          }
        ]
      }
    },
    {
      "245": {
        "ind1": "1",
        "ind2": "0",
        "subfields": [
          {
            "a": "Philanthropy and learning :"
          },
          {
            "b": "with other papers /"
          },
          {
            "c": "by Frederick Paul Keppel."
          }
        ]
      }
    },
    {
      "260": {
        "ind1": "\\",
        "ind2": "\\",
        "subfields": [
          {
            "a": "New York :"
          },
          {
            "b": "Columbia University Press,"
          },
          {
            "c": "1936."
          }
        ]
      }
    },
    {
      "300": {
        "ind1": "\\",
        "ind2": "\\",
        "subfields": [
          {
            "a": "175 pages ;"
          },
          {
            "c": "23 cm"
          }
        ]
      }
    },
    {
      "336": {
        "ind1": "\\",
        "ind2": "\\",
        "subfields": [
          {
            "a": "text"
          },
          {
            "b": "txt"
          },
          {
            "2": "rdacontent"
          }
        ]
      }
    },
    {
      "337": {
        "ind1": "\\",
        "ind2": "\\",
        "subfields": [
          {
            "a": "unmediated"
          },
          {
            "b": "n"
          },
          {
            "2": "rdamedia"
          }
        ]
      }
    },
    {
      "338": {
        "ind1": "\\",
        "ind2": "\\",
        "subfields": [
          {
            "a": "volume"
          },
          {
            "b": "nc"
          },
          {
            "2": "rdacarrier"
          }
        ]
      }
    },
    {
      "500": {
        "ind1": "\\",
        "ind2": "\\",
        "subfields": [
          {
            "a": "\"The Carnegie corporation: its responsibilities and opportunities [extracts from annual reports, 1931-1935]\": pages [74]-100."
          }
        ]
      }
    },
    {
      "505": {
        "ind1": "0",
        "ind2": "0",
        "subfields": [
          {
            "t": "Philanthropy and learning --"
          },
          {
            "t": "The future of the social movement --"
          },
          {
            "t": "The next forty years in secondary education --"
          },
          {
            "t": "Measuring the effect of surveys --"
          },
          {
            "t": "The architect and his opportunity --"
          },
          {
            "t": "The appreciation of the arts --"
          },
          {
            "t": "The future of alumni education --"
          },
          {
            "t": "Oriental languages as equipment for American students --"
          },
          {
            "t": "The work of the collegiate registrar --"
          },
          {
            "t": "The Carnegie Corporation: its responsibilities and opportunities --"
          },
          {
            "t": "President Lowell and his influence --"
          },
          {
            "t": "The responsibility of literature to international understanding --"
          },
          {
            "t": "Implications of the changing social order in American cultural activities --"
          },
          {
            "t": "The Southern Dominions of the British Empire --"
          },
          {
            "t": "Andrew Carnegie as founder."
          }
        ]
      }
    },
    {
      "530": {
        "ind1": "\\",
        "ind2": "\\",
        "subfields": [
          {
            "a": "Also issued online."
          }
        ]
      }
    },
    {
      "610": {
        "ind1": "2",
        "ind2": "0",
        "subfields": [
          {
            "a": "Carnegie Corporation of New York."
          }
        ]
      }
    },
    {
      "650": {
        "ind1": "\\",
        "ind2": "0",
        "subfields": [
          {
            "a": "Education."
          }
        ]
      }
    },
    {
      "610": {
        "ind1": "2",
        "ind2": "7",
        "subfields": [
          {
            "a": "Carnegie Corporation of New York."
          },
          {
            "2": "fast"
          },
          {
            "0": "(OCoLC)fst00543191"
          }
        ]
      }
    },
    {
      "650": {
        "ind1": "\\",
        "ind2": "7",
        "subfields": [
          {
            "a": "Education."
          },
          {
            "2": "fast"
          },
          {
            "0": "(OCoLC)fst00902499"
          }
        ]
      }
    },
    {
      "776": {
        "ind1": "0",
        "ind2": "8",
        "subfields": [
          {
            "i": "Online version:"
          },
          {
            "a": "Keppel, Frederick P. (Frederick Paul), 1875-1943."
          },
          {
            "t": "Philanthropy and learning."
          },
          {
            "d": "New York, Columbia University Press, 1936"
          },
          {
            "w": "(OCoLC)577810939"
          }
        ]
      }
    },
    {
      "994": {
        "ind1": "\\",
        "ind2": "\\",
        "subfields": [
          {
            "a": "Z0"
          },
          {
            "b": "NYRVC"
          }
        ]
      }
    },
    {
      "948": {
        "ind1": "\\",
        "ind2": "\\",
        "subfields": [
          {
            "h": "NO HOLDINGS IN NYRVC - 302 OTHER HOLDINGS"
          }
        ]
      }
    },
    {
      "999": {
        "ind1": "\\",
        "ind2": "\\",
        "subfields": [
          {
            "a": "00000000013859"
          }
        ]
      }
    }
  ]
}